<record><leader>00000cas a22000007a 4500</leader><controlfield tag="001">28591239</controlfield><controlfield tag="008">930809d193719uunjuwr ne      0    0eng d</controlfield><datafield ind1=" " ind2=" " tag="010"><subfield code="a">sn 93060951 </subfield></datafield><datafield ind1=" " ind2=" " tag="040"><subfield code="a">NJW</subfield><subfield code="b">eng</subfield><subfield code="c">NJW</subfield><subfield code="d">OCL</subfield><subfield code="d">OCLCQ</subfield></datafield><datafield ind1="0" ind2="4" tag="245"><subfield code="a">The Gloucester County press and farmers and mechanics journal.</subfield></datafield><datafield ind1="1" ind2="3" tag="246"><subfield code="a">Gloucester County press</subfield></datafield><datafield ind1=" " ind2=" " tag="260"><subfield code="a">Woodbury, N.J. :</subfield><subfield code="b">Gloucester County Press</subfield></datafield><datafield ind1=" " ind2=" " tag="300"><subfield code="a">v.</subfield></datafield><datafield ind1=" " ind2=" " tag="310"><subfield code="a">Weekly</subfield></datafield><datafield ind1="0" ind2=" " tag="362"><subfield code="a">Vol. 1, no. 8 (Jan. 14, 1937)-</subfield></datafield><datafield ind1=" " ind2=" " tag="752"><subfield code="a">United States</subfield><subfield code="b">New Jersey</subfield><subfield code="c">Gloucester</subfield><subfield code="d">Woodbury.</subfield></datafield><datafield ind1="0" ind2="0" tag="780"><subfield code="t">Gloucester County press</subfield><subfield code="w">(DLC)sn 93060950</subfield><subfield code="w">(OCoLC)28591185</subfield></datafield></record>